@inproceedings{pathmovesIsack, title={Efficient optimization for Hierarchically-structured Interacting Segments ({HINTS})}, author={Isack, Hossam and Veksler, Olga and Oguz, Ipek and Sonka, Milan and Boykov, Yuri}, booktitle = {IEEE Conference on Computer Vision and Pattern Recognition}, year = {2017}}
@inproceedings{hedgehogIsack, title={Hedgehog Shape Priors for Multi-object Segmentation}, author={Isack, Hossam and Veksler, Olga and Sonka, Milan and Boykov, Yuri}, booktitle = {IEEE Conference on Computer Vision and Pattern Recognition}, year = {2016}}

@inproceedings{Goldberg2015,
author="Goldberg, Andrew V.
and Hed, Sagi
and Kaplan, Haim
and Kohli, Pushmeet
and Tarjan, Robert E.
and Werneck, Renato F.",
editor="Bansal, Nikhil
and Finocchi, Irene",
title="Faster and More Dynamic Maximum Flow by Incremental Breadth-First Search",
bookTitle="Algorithms - ESA 2015: 23rd Annual European Symposium, Proceedings",
year="2015",
}

@inproceedings{rother2007optimizing,
  title={Optimizing binary MRFs via extended roof duality},
  author={Rother, Carsten and Kolmogorov, Vladimir and Lempitsky, Victor and Szummer, Martin},
  booktitle={Computer Vision and Pattern Recognition, 2007. CVPR'07. IEEE Conference on},
  pages={1--8},
  year={2007},
  organization={IEEE}
}

@techreport{pathmovesTR2017, title={Efficient optimization for Hierarchically-structured Interacting Segments ({HINTS})}, author={Isack, Hossam and Veksler, Olga and Oguz, Ipek and Sonka, Milan and Boykov, Yuri}, journal={arXiv:1703.10530}, year={2017}}


@article{boykov2004experimental,
  title={An experimental comparison of min-cut/max-flow algorithms for energy minimization in vision},
  author={Boykov, Yuri and Kolmogorov, Vladimir},
  journal={IEEE transactions on pattern analysis and machine intelligence},
  volume={26},
  number={9},
  pages={1124--1137},
  year={2004},
  publisher={IEEE}
}

@article{boykov2001fast,
  title={Fast approximate energy minimization via graph cuts},
  author={Boykov, Yuri and Veksler, Olga and Zabih, Ramin},
  journal={IEEE Transactions on pattern analysis and machine intelligence},
  volume={23},
  number={11},
  pages={1222--1239},
  year={2001},
  publisher={IEEE}
}